%% This BibTeX bibliography file was created using BibDesk.
%% http://bibdesk.sourceforge.net/

%% Created for T47 at 2018-01-29 22:37:48 +0900 


%% Saved with string encoding Unicode (UTF-8) 



@incollection{takeuchi:2017,
	Author = {竹内孔一},
	Booktitle = {コーパスと自然言語処理},
	Date-Added = {2018-01-25 11:38:37 +0000},
	Date-Modified = {2018-01-25 11:46:11 +0000},
	Editor = {松本裕治 and 奥村学},
	Pages = {94--113},
	Publisher = {朝倉書店},
	Title = {語彙概念と語彙概念構造},
	Year = {2017}}

@inproceedings{gru:2014,
	Author = {J. Chung and C. Gulcehre and K. Cho and Y. Bengio},
	Booktitle = {Proceedings of NIPS 2014 Workshop on Deep Learning},
	Date-Added = {2018-01-22 08:41:14 +0000},
	Date-Modified = {2018-01-29 13:18:43 +0000},
	Journal = {CoRR},
	Title = {{E}mpirical {E}valuation of {G}ated {R}ecurrent {N}eural {N}etworks on {S}equence {M}odeling},
	Year = {2014},
	Bdsk-Url-1 = {http://arxiv.org/abs/1412.3555}}

@article{Hochreiter:1997,
	Author = {S. Hochreiter and J. Schmidhuber},
	Date-Added = {2018-01-22 08:31:00 +0000},
	Date-Modified = {2018-01-22 09:04:19 +0000},
	Journal = {Neural Computation},
	Number = {8},
	Pages = {1735--1780},
	Title = {{L}ong {S}hort-{T}erm {M}emory},
	Volume = {9},
	Year = {1997},
	Bdsk-Url-1 = {http://dx.doi.org/10.1162/neco.1997.9.8.1735}}

@inproceedings{Mikolov:2011,
	Author = {T. Mikolov and S. Kombrink and L. Burget and J. Cernocky and S. Khudanpur},
	Booktitle = {Proceedings of ICASSP},
	Date-Added = {2018-01-22 08:22:14 +0000},
	Date-Modified = {2018-01-29 13:19:01 +0000},
	Pages = {5528-5531},
	Title = {{E}xtensions of {R}ecurrent {N}eural {N}etwork {L}anguage {M}odel.},
	Year = 2011,
	Bdsk-Url-1 = {http://dblp.uni-trier.de/db/conf/icassp/icassp2011.html#MikolovKBCK11}}

@article{LeCun:1989,
	Author = {Y. LeCun and B. Boser and J. S. Denker and D. Henderson and R. E. Howard and W. Hubbard and L. D. Jackel},
	Date-Added = {2018-01-22 08:07:04 +0000},
	Date-Modified = {2018-01-22 09:08:27 +0000},
	Journal = {Neural Computation},
	Number = {4},
	Pages = {541--551},
	Title = {{B}ackpropagation {A}pplied to {H}andwritten {Z}ip {C}ode {R}ecognition},
	Volume = {1},
	Year = {1989},
	Bdsk-Url-1 = {http://dx.doi.org/10.1162/neco.1989.1.4.541}}

@article{fukushima:1979,
	Author = {福島邦彦},
	Date-Added = {2018-01-22 07:50:56 +0000},
	Date-Modified = {2018-01-29 13:01:21 +0000},
	Journal = {電子通信学会論文誌A},
	Number = {10},
	Pages = {658--665},
	Title = {位置ずれに影響されないパターン認識機構の神経回路モデル-ネオコグニトロン},
	Volume = {J62-A},
	Year = {1979}}

@article{transfar:2010,
	Author = {S. J. Pan and Q. Yang},
	Date-Added = {2018-01-21 19:52:43 +0000},
	Date-Modified = {2018-01-29 13:20:55 +0000},
	Journal = {IEEE Transactions on Knowledge and Data Engineering},
	Number = {10},
	Pages = {1345--1359},
	Title = {A {S}urvey on {T}ransfer {L}earning},
	Volume = {22},
	Year = {2010}}

@article{asahara:2017,
	Author = {浅原正幸 and 岡照晃},
	Date-Added = {2018-01-21 19:49:32 +0000},
	Date-Modified = {2018-01-21 20:48:48 +0000},
	Journal = {言語処理学会第23回年次大会},
	Pages = {94--97},
	Title = {nwjc2vec:『国語研日本語ウェブコーパス』 に基づく単語の分散表現データ},
	Year = {2017}}

@inproceedings{adam,
	Author = {J. Ba and D. P. Kingma},
	Booktitle = {Proceedings of International Conference on Learning Representations},
	Date-Added = {2018-01-21 19:47:36 +0000},
	Date-Modified = {2018-01-29 13:18:10 +0000},
	Title = {Adam: {A} {M}ethod for {S}tochastic {O}ptimization},
	Year = {2015},
	Bdsk-Url-1 = {http://arxiv.org/abs/1412.6980}}

@article{ohara:2014,
	Author = {小原京子},
	Date-Added = {2018-01-21 19:27:10 +0000},
	Date-Modified = {2018-01-29 13:37:47 +0000},
	Journal = {言語処理学会第 20 回年次大会発表論文集},
	Pages = {161--164},
	Title = {日本語フレームネットの構文アノテーション},
	Year = {2014}}

@article{Palmer:2005,
	Author = {M. Palmer and D. Gildea and P. Kingsbury},
	Date-Added = {2018-01-21 19:23:48 +0000},
	Date-Modified = {2018-01-22 09:06:16 +0000},
	Journal = {Computational Linguistics.},
	Number = {1},
	Pages = {71--105},
	Title = {{T}he {P}roposition {B}ank: {A}n {A}nnotated {C}orpus of {S}emantic {R}oles},
	Volume = {31},
	Year = {2005},
	Bdsk-Url-1 = {http://dx.doi.org/10.1162/0891201053630264}}

@inproceedings{Baker:1998,
	Author = {C. F. Baker and C. J. Fillmore and J. B. Lowe},
	Booktitle = {Proceedings of the 36th Annual Meeting of the Association for Computational Linguistics},
	Date-Added = {2018-01-21 19:15:12 +0000},
	Date-Modified = {2018-01-29 13:16:32 +0000},
	Pages = {691--696},
	Title = {{T}he {B}erkeley {F}rame{N}et project},
	Year = {2000}}

@inproceedings{Kipper:2000,
	Author = {K. Kipper and H. T. Dang and M. Palmer},
	Booktitle = {Proceedings of the 17th National Conference on Artifical Inteligence and 12th Conference on Innovative Applications of Artificial Inteligence},
	Date-Added = {2018-01-21 18:51:52 +0000},
	Date-Modified = {2018-01-29 13:16:41 +0000},
	Pages = {691--696},
	Title = {{C}lass-{B}ased {C}onstruction of a {V}erb {L}exicon},
	Year = {2000}}
	

@article{ishihara:2016,
	Author = {石原靖弘 and 竹内孔一},
	Date-Added = {2018-01-21 18:24:45 +0000},
	Date-Modified = {2018-01-29 13:07:05 +0000},
	Journal = {情報処理学会論文誌},
	Pages = {1611--1626},
	Title = {係り元の末尾表現に着目した{H}ierarchical {T}ag {C}ontext {T}ree を利用した日本語意味役割付与システムの構築},
	Volume = {57},
	Year = {2016}}

@article{matsubayashi:2017,
	Author = {松林優一郎 and 乾健太郎},
	Date-Added = {2018-01-21 18:19:50 +0000},
	Date-Modified = {2018-01-21 20:48:31 +0000},
	Journal = {言語処理学会第23回年次大会},
	Pages = {394--397},
	Title = {ニューラルネットワークによる日本語述語項構造解析の素性の汎化},
	Year = {2017}}

@article{oouchi:2016,
	Author = {大内啓樹 and 進藤裕之 and 松本裕治},
	Date-Added = {2018-01-21 18:17:07 +0000},
	Date-Modified = {2018-01-29 12:57:23 +0000},
	Journal = {情報処理学会, 自然言語処理研究会},
	Pages = {1--8},
	Title = {深層リカレントニューラルネットワークを用いた日本語述語項構造解析},
	Volume = {2016-NL-229},
	Year = {2016}}

@inproceedings{shibata:2002,
	Author = {T. Shibata and D. Kawahara and S. Kurohashi},
	Booktitle = {Proceedings of the 54th Annual Meeting of the Association for Computational Linguistics},
	Date-Added = {2018-01-21 18:09:31 +0000},
	Date-Modified = {2018-01-29 13:21:51 +0000},
	Pages = {1235--1244},
	Title = {{N}eural {N}etwork-{B}ased {M}odel for {J}apanese {P}redicate {A}rgument {S}yructure {A}nalysis},
	Year = {2016}}
